% books.bib : references to textbooks
% ------------------------------------------------------------------------------

@Book{lama_sheldon,
    isbn = {9783319110790},
    issn = {0172-6056},
    language = {eng},
    publisher = {Springer International Publishing},
    series = {Undergraduate Texts in Mathematics},
    title = {Linear Algebra Done Right},
    author = {Sheldon Axler},
    year      = {2015},
    edition = {3rd},
}

@book{alg_lauritzen,
    isbn = {9780521534109},
    language = {eng},
    publisher = {Cambridge University Press},
    title = {Concrete Abstract Algebra: From Numbers to Gröbner Bases},
    year = {2003},
    author = {Niels Lauritzen},
    copyright = {Cambridge University Press 2003},
    Edition = {1st},
}

@book{alg_geom_codes,
    isbn = {9780821843062},
    language = {eng},
    publisher = {American Mathematical Society},
    title = {Algebraic Geometry Codes: Basic Notations},
    year = {2007},
    author = {Michael Tsfasman and Serge Vlăduţ and Dmitry Nogin},
    copyright = {American Mathematical Society 2007},
    Edition = {1st},
}

@book{huffman,
    isbn = {9780521131704},
    language = {eng},
    publisher = {Cambrige University Press},
    title = {Fundementals of Error-Correcting Codes},
    year = {2003},
    author = {W. Cary Huffman and Vera Pless},
    copyright = {Cambrige University Press 2003},
    Edition = {1st},
}

@book{CCC_with_CA,
    isbn = {9780521520362},
    language = {eng},
    publisher = {Cambrige University Press},
    title = {Codes, Cryptology and Curves with Computer Algebra},
    year = {2018},
    author = {Ruud Pellikaan and Xin-Wen Wu and Stanislav Bulygin and Relinde Jurrius},
    copyright = {uud Pellikaan, Xin-Wen Wu, Stanislav Bulygin and Relinde Jurrius 2018},
    Edition = {1st},
}

@book{topics_in_galois_fields,
    isbn = {978030608064},
    language = {eng},
    publisher = {Springer Cham},
    title = {Topics in Galois Fields},
    year = {2020},
    author = {Dirk Hachenberger, Dieter Jungnickel},
    copyright = {Springer Nature Switzerland AG 2020},
    Edition = {1st},
}

@Book{Galois_theory,
    isbn = {9780387875743},
    language = {eng},
    publisher = {Springer},
    title = {Galois Theory},
    year = {2020},
    author = {Steven H. Weintraub},
    copyright = {Springer},
    Edition = {2nd},
}
