% incl/bib/software.bib : software related references
% ------------------------------------------------------------------------------
@software{Hostetter_Galois_2020,
    title = {{Galois: A performant NumPy extension for Galois fields}},
    author = {Hostetter, Matt},
    month = {11},
    year = {2020},
    url = {https://github.com/mhostetter/galois},
}
