% incl/bib/articles.bib : references to articles
% ------------------------------------------------------------------------------
@Misc{Fulton,
    language = {eng},
    title = {Algebraic Curves: An Introduction to Algebraic Geometry},
    year = {2008},
    author = {William Fulton},
    note = {Avalible at {\small \url{https://dept.math.lsa.umich.edu/~wfulton/CurveBook.pdf}}},
}

@article{shor,
	year = 1996,
	month = {oct},
	publisher = {Society for Industrial {\&} Applied Mathematics ({SIAM})},
	volume = {26},
	number = {5},
	pages = {1484--1509},
	author = {Peter W. Shor},
	title = {Polynomial-Time Algorithms for Prime Factorization and Discrete Logarithms on a Quantum Computer},
	journal = {{SIAM} Journal on Computing}
}

@article{general_decoding_problem_is_np,
  author={Berlekamp, E. and McEliece, R. and van Tilborg, H.},
  journal={IEEE Transactions on Information Theory},
  title={On the inherent intractability of certain coding problems (Corresp.)},
  year={1978},
  volume={24},
  number={3},
  pages={384-386},
  doi={10.1109/TIT.1978.1055873}
}

@InProceedings{information_set_decoding,
author="Peters, Christiane",
editor="Sendrier, Nicolas",
title="Information-Set Decoding for Linear Codes over $\mathbb{F}_q$",
booktitle="Post-Quantum Cryptography",
year="2010",
publisher="Springer Berlin Heidelberg",
address="Berlin, Heidelberg",
pages="81--94",
abstract="The best known non-structural attacks against code-based cryptosystems are based on information-set decoding. Stern's algorithm and its improvements are well optimized and the complexity is reasonably well understood. However, these algorithms only handle codes over F2.",
isbn="978-3-642-12929-2"
}

@phdthesis {notes_on_code_based_cryptography,
    title = {Some Notes on Code-Based Cryptography},
    year = {2014},
    author = {Carl Löndahl},
    school = {Lund University},
}

@phdthesis {panaccione_phd,
    title = {On decoding algorithms for algebraic geometry codes beyond half the minimum distance},
    year = {2021},
    author = {Isabella Panaccione},
    school = {Institut Polytechnique de Paris},
}

@InProceedings{lee_brickell,
author="Lee, P. J.
and Brickell, E. F.",
title="An Observation on the Security of McEliece's Public-Key Cryptosystem",
booktitle="Advances in Cryptology --- EUROCRYPT '88",
year="1988",
publisher="Springer Berlin Heidelberg",
address="Berlin, Heidelberg",
pages="275--280",
isbn="978-3-540-45961-3"
}

@misc{r6,
      title={Code based Cryptography: Classic McEliece},
      author={Harshdeep Singh},
      year={2020},
      eprint={1907.12754},
      archivePrefix={arXiv},
      primaryClass={cs.CR}
}

@misc{AG_codes_and_applications,
      title={Algebraic geometry codes and some applications},
      author={Alain Couvreur and Hugues Randriambololona},
      year={2020},
      eprint={2009.01281},
      archivePrefix={arXiv},
      primaryClass={cs.IT}
}

@mastersthesis{bachellor,
     title = {Algebraic Geometry Codes},
     author = {Martin Sig Nørbjerg},
     year = 2023,
     month = {June},
     school = {Aalborg Univeristy},
     type={Bachellor's thesis}
}

@misc{nist_recomendations_for_key_management,
    author={Elanie Barker},
    title={Recommendation for Key Management},
    publisher={NIST},
    year=2020,
    note={Avalible at \url{https://doi.org/10.6028/NIST.SP.800-57pt1r5}}
}

@ARTICLE{ag_codes_are_fucked,
  author={Couvreur, Alain and Márquez-Corbella, Irene and Pellikaan, Ruud},
  journal={IEEE Transactions on Information Theory},
  title={Cryptanalysis of McEliece Cryptosystem Based on Algebraic Geometry Codes and Their Subcodes},
  year={2017},
  volume={63},
  number={8},
  pages={5404-5418},
  doi={10.1109/TIT.2017.2712636}}
