% incl/bib/articles.bib : references to articles
% ------------------------------------------------------------------------------
@Misc{alg_notes,
    language = {eng},
    title = {Introduction to Algebra},
    year = {2016},
    author = {Lothar Göttsche},
    note = {Lecture notes, can be found at: {\small \url{https://users.ictp.it/~gottsche/}}},
}

@Misc{alg_geom_lec,
    language = {eng},
    title = {Algebraic Geometry Lectures},
    year = {2012},
    author = {Lothar Göttsche},
    note = {Video recordings of algebraic geometry lectures, given at ICTP Mathematics, can be found at {\small \url{https://www.youtube.com/playlist?list=PLLq_gUfXAnkkeQKfjfWwyJP8eUV08Kygd}}},
}

@Misc{notes_on_alg_geom_codes,
    language = {eng},
    title = {Notes on Algebraic-Geometric Codes},
    year = {2003},
    author = {Massimo Giulietti},
    note = {Lecture notes from a series of lectures, given in May 2003},
}

@Misc{Fulton,
    language = {eng},
    title = {Algebraic Curves: An Introduction to Algebraic Geometry},
    year = {2008},
    author = {William Fulton},
}

@Misc{the_singleton_bound_and_rs_code,
    language = {eng},
    title = {The Singleton bound and Reed-Solomon Code},
    year = {2016},
    author = {Kenneth Shum and Bowen Zhang},
    note = {url: \url{https://piazza.com/class_profile/get_resource/isgy6spmwwm3ba/itzo5as3bbw7kk}},
}

@Misc {covering_distance_of_linear_code,
    language = {eng},
    title = {Covering distance for a linear code},
    year = {2023},
    author = {Jyrki Lahtonen},
    note = {url: \url{https://math.stackexchange.com/q/4653336}},
}
